
@inproceedings{claessen:quickcheck,
  author    = {Koen Claessen and John Hughes},
  title     = {QuickCheck: a lightweight tool for random testing of {H}askell programs},
  booktitle = {{ICFP}: International Conference on Functional Programming},
  year      = {2000},
}